<?xml version="1.0" encoding="UTF-8"?><record xmlns="http://www.loc.gov/MARC21/slim" xmlns:cinclude="http://apache.org/cocoon/include/1.0" xmlns:zs="http://www.loc.gov/zing/srw/">
  <leader>00394nz  a2200133n  4500</leader>
  <controlfield tag="001">n 2006036347</controlfield>
  <controlfield tag="003">DLC</controlfield>
  <controlfield tag="005">20060509104656.0</controlfield>
  <controlfield tag="008">060509n| acannaabn          |a aaa      </controlfield>
  <datafield tag="010" ind1=" " ind2=" ">
    <subfield code="a">n 2006036347</subfield>
  </datafield>
  <datafield tag="040" ind1=" " ind2=" ">
    <subfield code="a">DLC</subfield>
    <subfield code="b">eng</subfield>
    <subfield code="c">DLC</subfield>
  </datafield>
  <datafield tag="100" ind1="1" ind2=" ">
    <subfield code="a">Wādī, Fārūq.</subfield>
    <subfield code="t">Manāzil al-qalb.</subfield>
    <subfield code="l">English</subfield>
  </datafield>
  <datafield tag="400" ind1="1" ind2=" ">
    <subfield code="a">Wādī, Fārūq.</subfield>
    <subfield code="t">Homes of the heart</subfield>
  </datafield>
  <datafield tag="670" ind1=" " ind2=" ">
    <subfield code="a">Wādī, Fārūq. Homes of the heart, 2006.</subfield>
  </datafield>
</record>